@book{kirillov2008introduction,
  title={An introduction to Lie groups and Lie algebras},
  author={Kirillov, Alexander A},
  volume={113},
  year={2008},
  publisher={Cambridge University Press}
}

@book{hatcher2002topology,
  author = {Hatcher, Allen},
  isbn = {0-521-79160-X; 0-521-79540-0},
  pages = {xii+544},
  publisher = {Cambridge University Press},
  title = {Algebraic topology},
  year = 2002
}